@book{shriver1998quimica,
  title={{Qu{\'\i}mica inorg{\'a}nica. II}},
  author={Shriver, Duward F and Atkins, Peter William and Langford, Cooper H},
  volume={2},
  year={1998},
  publisher={Revert{\'e}}
}

@book{cotton1978quimica,
	title={{Qu{\'\i}mica inorg{\'a}nica}},
	author={Cotton, Frank Albert and Wilkinson, Geoffrey},
	year={1978},
	publisher={Libros T{\'e}cnicos y Cient{\'\i}ficos}
}

@article{odetti2006introduccion,
	title={{Introducci{\'o}n a la Qu{\'\i}mica inorg{\'a}nica}},
	author={Odetti, H and Bottani, E},
	journal={Ediciones UNL, Santa Fe, Argentina},
	pages={305},
	year={2006}
}